@article{ali_silvey_divergence_1966,
  author = {S. M. Ali and S. D. Silvey},
  journal = {Journal of the Royal Statistical Society. Series B (Methodological)},
  number = {1},
  pages = {131--142},
  publisher = {[Royal Statistical Society, Wiley]},
  title = {A General Class of Coefficients of Divergence of One Distribution from Another},
  urldate = {2024-04-17},
  volume = {28},
  year = {1966},
  doi = {10.1111/j.2517-6161.1966.tb00626.x}
}


@article{atenas_open_2015,
  author = {Javiera Atenas and Leo Havemann and Ernesto Priego},
	title = {Open Data as Open Educational Resources: Towards Transversal Skills and  Global Citizenship},
	journal = {Open Praxis},
	volume = {7},
	number = {4},
	year = {2015},
	month = {November},
	pages = {377--389},
	publisher = {International Council for Open and Distance Education},
	url = {https://www.learntechlib.org/p/161986}
}

@article{basu_power_1998,
    author = {Basu, Ayanendranath and Harris, Ian R. and Hjort, Nils L. and Jones, M.C.},
    title = "{Robust and efficient estimation by minimising a density power divergence}",
    journal = {Biometrika},
    volume = {85},
    number = {3},
    pages = {549-559},
    year = {1998},
    month = {09},
    doi = {10.1093/biomet/85.3.549}
}





@Article{Bowen_differentially_2021,
  author={Bowen, Claire McKay and Liu, Fang and Su, Bingyue},
  title={Differentially private data release via statistical election to partition sequentially},
  journal={METRON},
  year={2021},
  month={Apr},
  day={01},
  volume={79},
  number={1},
  pages={1-31},
  doi={10.1007/s40300-021-00201-0},
  url={https://doi.org/10.1007/s40300-021-00201-0}
}



@article{caiola2010,
  title = {Random forests for generating partially synthetic, categorical data},
  author = {Caiola, Gregory and Reiter, Jerome P.},
  journal = {Transactions on Data Privacy},
  volume = {3},
  pages = {27--42},
  year = {2010},
  doi = {10.5555/1747335.1747337}
}


@InProceedings{choi_featurized_2021,
  title = 	 {Featurized density ratio estimation},
  author =       {Choi, Kristy and Liao, Madeline and Ermon, Stefano},
  booktitle = 	 {Proceedings of the Thirty-Seventh Conference on Uncertainty in Artificial Intelligence},
  pages = 	 {172--182},
  year = 	 {2021},
  editor = {de Campos, Cassio and Maathuis, Marloes H.},
  volume = {161},
  series = {Proceedings of Machine Learning Research},
  month = {27--30 Jul},
  publisher = {PMLR},
  url = 	 {https://proceedings.mlr.press/v161/choi21a.html}
}


@article{crosas_automating_2015,
  author = {Mercè Crosas and Gary King and James Honaker and Latanya Sweeney},
  title ={Automating Open Science for Big Data},
  journal = {The ANNALS of the American Academy of Political and Social Science},
  volume = {659},
  number = {1},
  pages = {260-273},
  year = {2015},
  doi = {10.1177/0002716215570847},
}

@software{densityratio,
  title = {densityratio: Direct estimation of the ratio of densities of two groups of observations},
  author = {Volker, Thom Benjamin},
  year = {2023},
  url = {https://github.com/thomvolker/densityratio}
}

@article{drechsler2012,
	title = {New data dissemination approaches in old Europe {\textendash} synthetic datasets for a German establishment survey},
	author = {Drechsler, {Jörg}},
	year = {2012},
	month = {02},
	date = {2012-02},
	journal = {Journal of Applied Statistics},
	pages = {243--265},
	volume = {39},
	number = {2},
	doi = {10.1080/02664763.2011.584523},
	url = {http://dx.doi.org/10.1080/02664763.2011.584523},
	langid = {en}
}

@InProceedings{drechsler2010,
  author = {Drechsler, J{\"o}rg},
  editor = {Domingo-Ferrer, Josep and Magkos, Emmanouil},
  title = {Using Support Vector Machines for Generating Synthetic Datasets},
  booktitle = {Privacy in Statistical Databases},
  year = {2010},
  publisher = {Springer Berlin Heidelberg},
  address = {Berlin, Heidelberg},
  pages = {148--161},
  doi = {10.1007/978-3-642-15838-4_14}
}

@book{drechsler2011synthetic,
  author = {Drechsler, J{\"o}rg},
  title = {Synthetic Datasets for Statistical Disclosure Control: Theory and Implementation},
  year = {2011},
  publisher = {Springer Science \& Business Media},
  address = {New York},
  isbn = {978-1-4419-9742-3},
  doi = {10.1007/978-1-4614-0326-5}
}



@article{drechsler2011empirical,
  title={An empirical evaluation of easily implemented, nonparametric methods for generating synthetic datasets},
  author={Drechsler, J{\"o}rg and Reiter, Jerome P},
  journal={Computational Statistics \& Data Analysis},
  volume={55},
  number={12},
  pages={3232--3243},
  year={2011},
  publisher={Elsevier}
}

@InProceedings{drechsler_utility_2022,
  author="Drechsler, J{\"o}rg",
  editor="Domingo-Ferrer, Josep and Laurent, Maryline",
  title="Challenges in Measuring Utility for Fully Synthetic Data",
  booktitle="Privacy in Statistical Databases",
  year="2022",
  publisher="Springer International Publishing",
  address="Cham",
  pages="220--233",
  isbn="978-3-031-13945-1",
  doi="10.1007/978-3-031-13945-1_16"
}

@article{drechsler2023,
	title = {30 Years of Synthetic Data},
	author = {Drechsler, J\"{o}rg and Haensch, Anna-Carolina},
	year = {2023},
	doi = {10.48550/ARXIV.2304.02107},
	url = {https://arxiv.org/abs/2304.02107}
}

@InProceedings{dwork_dp_2006,
  author = {Dwork, Cynthia},
  editor = {Bugliesi, Michele and Preneel, Bart and Sassone, Vladimiro and Wegener, Ingo},
  title = {Differential Privacy},
  booktitle = {Automata, Languages and Programming},
  year = {2006},
  publisher = {Springer Berlin Heidelberg},
  address = {Berlin, Heidelberg},
  pages = {1--12},
  isbn ={978-3-540-35908-1},
  doi = {10.1007/11787006_1}
}

@misc{fpf_2017,
  author = {{Future of Privacy Forum}},
  title = {Understanding corporate data sharing decisions: Practices, challenges, and opportunities for sharing corporate data with researchers},
  year = {2017},
  note = {Retrieved from \url{https://fpf.org/wp-content/uploads/2017/11/FPF_Data_Sharing_Report_FINAL.pdf}}
}

@online{gdpr,
  date       = {2016-05-04},
  location   = {OJ L 119, 4.5.2016, p. 1--88},
  title      = {Regulation ({EU}) 2016/679 of the {European} {Parliament} and of the {Council}},
  url        = {https://eur-lex.europa.eu/eli/reg/2016/679/oj},
  titleaddon = {of 27 {April} 2016 on the protection of natural persons with regard to the processing of personal data and on the free movement of such data, and repealing {Directive} 95/46/{EC} ({General} {Data} {Protection} {Regulation})},
  abstract   = {The General Data Protection Regulation (2016/679, "GDPR") is a Regulation in European Union (EU) law on data protection and privacy in the EU and the European Economic Area (EEA).},
  author     = {{European Parliament} and {Council of the European Union}},
  urldate    = {2023-04-13},
}

@InProceedings{gehrke_crowd_2012,
  author={Gehrke, Johannes and Hay, Michael and Lui, Edward and Pass, Rafael},
  editor={Safavi-Naini, Reihaneh and Canetti, Ran},
  title={Crowd-Blending Privacy},
  booktitle={Advances in Cryptology -- CRYPTO 2012},
  year={2012},
  publisher={Springer Berlin Heidelberg},
  address={Berlin, Heidelberg},
  pages={479--496},
  doi={10.1007/978-3-642-32009-5_28}
}


@InProceedings{ghalebikesabi_dpiw_2022,
  title = 	 {Mitigating statistical bias within differentially private synthetic data},
  author =       {Ghalebikesabi, Sahra and Wilde, Harry and Jewson, Jack and Doucet, Arnaud and Vollmer, Sebastian and Holmes, Chris},
  booktitle = 	 {Proceedings of the Thirty-Eighth Conference on Uncertainty in Artificial Intelligence},
  pages = 	 {696--705},
  year = 	 {2022},
  editor = 	 {Cussens, James and Zhang, Kun},
  volume = 	 {180},
  series = 	 {Proceedings of Machine Learning Research},
  month = 	 {01--05 Aug},
  publisher = {PMLR},
  url = 	 {https://proceedings.mlr.press/v180/ghalebikesabi22a.html}
}



@misc{gruber2024overcoming,
      title={Overcoming Saturation in Density Ratio Estimation by Iterated Regularization},
      author={Lukas Gruber and Markus Holzleitner and Johannes Lehner and Sepp Hochreiter and Werner Zellinger},
      year={2024},
      eprint={2402.13891},
      archivePrefix={arXiv},
      primaryClass={cs.LG},
      doi={10.48550/arXiv.2402.13891}
}

@proceedings{hawala_synthetic_2008,
  author = {Hawala, Sam},
  year = {2008},
  title = {Producing partially synthetic data to avoid disclosure},
  booktitle = {Proceedings of the Joint Statistical Meetings},
  url = {http://www.asasrms.org/Proceedings/y2008/Files/301018.pdf}
}

@article{hu2019,
  title = {Bayesian Estimation of Attribute and Identification Disclosure Risks in Synthetic Data},
  author = {Jingchen Hu},
  year = {2019},
  journal = {Transactions on Data Privacy},
  volume = {12},
  pages = {61-89},
  url = {http://www.tdp.cat/issues16/tdp.a313a18.pdf}
}

@article{hu_advancing_2024,
  author = {Hu, Jingchen and Bowen, Claire McKay},
  title = {Advancing microdata privacy protection: A review of synthetic data methods},
  journal = {WIREs Computational Statistics},
  volume = {16},
  number = {1},
  pages = {e1636},
  keywords = {data privacy, data utility, disclosure risk, synthetic data},
  doi = {https://doi.org/10.1002/wics.1636},
  url = {https://wires.onlinelibrary.wiley.com/doi/abs/10.1002/wics.1636},
  year = {2024}
}



@inproceedings{huang_kmm_2006,
 author = {Huang, Jiayuan and Smola, Alexander J. and Gretton, Arthur and Borgwardt, Karsten M. and Sch\"{o}lkopf, Bernhard},
 booktitle = {Advances in Neural Information Processing Systems},
 editor = {B. Sch\"{o}lkopf and J. Platt and T. Hoffman},
 pages = {},
 publisher = {MIT Press},
 title = {Correcting Sample Selection Bias by Unlabeled Data},
 url = {https://proceedings.neurips.cc/paper_files/paper/2006/file/a2186aa7c086b46ad4e8bf81e2a3a19b-Paper.pdf},
 volume = {19},
 year = {2006}
}


@book{hundepool_disclosure_2012,
  author = {Hundepool, Anco and Domingo-Ferrer, Josep and Franconi, Luisa and Giessing, Sarah and Schulte Nordholt, Eric and Spicer, Keith and De Wolf, Peter-Paul},
  title = {Statistical disclosure control},
  year = {2012},
  ISBN = {9781118348239},
  doi = {10.1002/9781118348239},
  url = {https://onlinelibrary.wiley.com/doi/book/10.1002/9781118348239},
  publisher = {John Wiley \& Sons}
}


@InProceedings{izbicki_dre_2014,
  title = 	 {{High-Dimensional Density Ratio Estimation with Extensions to Approximate Likelihood Computation}},
  author = 	 {Izbicki, Rafael and Lee, Ann and Schafer, Chad},
  booktitle = 	 {Proceedings of the Seventeenth International Conference on Artificial Intelligence and Statistics},
  pages = 	 {420--429},
  year = 	 {2014},
  editor = 	 {Kaski, Samuel and Corander, Jukka},
  volume = 	 {33},
  series = 	 {Proceedings of Machine Learning Research},
  address = 	 {Reykjavik, Iceland},
  month = 	 {22--25 Apr},
  publisher =    {PMLR},
  url = 	 {https://proceedings.mlr.press/v33/izbicki14.html},
}


@inproceedings{jordon2018pategan,
  title={{PATE}-{GAN}: Generating Synthetic Data with Differential Privacy Guarantees},
  author={James Jordon and Jinsung Yoon and Mihaela van der Schaar},
  booktitle={International Conference on Learning Representations},
  year={2019},
  url={https://openreview.net/forum?id=S1zk9iRqF7},
}

@article{little_statistical_1993,
  title={Statistical analysis of masked data},
  author={Little, Roderick J. A.},
  journal={Journal of Official Statistics},
  volume={9},
  number = {2},
  pages={407--407},
  year={1993},
  url={https://www.scb.se/contentassets/ca21efb41fee47d293bbee5bf7be7fb3/statistical-analysis-of-masked-data.pdf}
}

@article{karr_utility_2006,
  author = {Alan F. Karr and Christine N. Kohnen and Anna Oganian and Jerome P. Reiter and Ashish P. Sanil},
  title = {A Framework for Evaluating the Utility of Data Altered to Protect Confidentiality},
  journal = {The American Statistician},
  volume = {60},
  number = {3},
  pages = {224-232},
  year  = {2006},
  publisher = {Taylor & Francis},
  doi = {10.1198/000313006X124640},
  URL = {https://doi.org/10.1198/000313006X124640},
}

@article{Kanamori2012,
  author={Kanamori, Takafumi and Suzuki, Taiji and Sugiyama, Masashi},
  title={Statistical analysis of kernel-based least-squares density-ratio estimation},
  journal={Machine Learning},
  year={2012},
  volume={86},
  number={3},
  pages={335-367},
  doi={10.1007/s10994-011-5266-3},
  url={https://doi.org/10.1007/s10994-011-5266-3}
}

@article{kanamori_ulsif_2009,
  author = {Takafumi Kanamori and Shohei Hido and Masashi Sugiyama},
  title = {A Least-squares Approach to Direct Importance Estimation},
  journal = {Journal of Machine Learning Research},
  year = {2009},
  volume = {10},
  number = {48},
  pages = {1391--1445},
  url = {http://jmlr.org/papers/v10/kanamori09a.html}
}

@article{kanamori_divergence_2012,
  author={Kanamori, Takafumi and Suzuki, Taiji and Sugiyama, Masashi},
  journal={IEEE Transactions on Information Theory},
  title={$f$ -Divergence Estimation and Two-Sample Homogeneity Test Under Semiparametric Density-Ratio Models},
  year={2012},
  volume={58},
  number={2},
  pages={708-720},
  doi={10.1109/TIT.2011.2163380}
}

@article{kim_classification_2021,
author = {Ilmun Kim and Aaditya Ramdas and Aarti Singh and Larry Wasserman},
title = {{Classification accuracy as a proxy for two-sample testing}},
volume = {49},
journal = {The Annals of Statistics},
number = {1},
publisher = {Institute of Mathematical Statistics},
pages = {411 -- 434},
keywords = {Classification accuracy, high-dimensional asymptotics, Hotelling’s $T^{2}$ test, linear discriminant analysis, Permutation test, two sample testing},
year = {2021},
doi = {10.1214/20-AOS1962},
URL = {https://doi.org/10.1214/20-AOS1962}
}

@Manual{kldest,
  title = {kldest: Sample-Based Estimation of Kullback-Leibler Divergence},
  author = {Niklas Hartung},
  year = {2024},
  note = {R package version 1.0.0},
  url = {https://CRAN.R-project.org/package=kldest},
}



@article{lazer_css_2009,
  author = {David Lazer  and Alex Pentland  and Lada Adamic  and Sinan Aral  and Albert-László Barabási  and Devon Brewer  and Nicholas Christakis  and Noshir Contractor  and James Fowler  and Myron Gutmann  and Tony Jebara  and Gary King  and Michael Macy  and Deb Roy  and Marshall Van Alstyne },
  title = {Computational Social Science},
  journal = {Science},
  volume = {323},
  number = {5915},
  pages = {721-723},
  year = {2009},
  doi = {10.1126/science.1167742},
  URL = {https://www.science.org/doi/abs/10.1126/science.1167742},
}

@ARTICLE{li_application_2010,
  author={Li, Yan and Kambara, Hiroyuki and Koike, Yasuharu and Sugiyama, Masashi},
  journal={IEEE Transactions on Biomedical Engineering},
  title={Application of Covariate Shift Adaptation Techniques in Brain–Computer Interfaces},
  year={2010},
  volume={57},
  number={6},
  pages={1318-1324},
  doi={10.1109/TBME.2009.2039997}
}


@article{liu_change_2013,
  title = {Change-point detection in time-series data by relative density-ratio estimation},
  journal = {Neural Networks},
  volume = {43},
  pages = {72-83},
  year = {2013},
  issn = {0893-6080},
  doi = {10.1016/j.neunet.2013.01.012},
  url = {https://www.sciencedirect.com/science/article/pii/S0893608013000270},
  author = {Song Liu and Makoto Yamada and Nigel Collier and Masashi Sugiyama}
}

@article{loftsgaarden_nonparametric_1965,
author = {D. O. Loftsgaarden and C. P. Quesenberry},
title = {{A Nonparametric Estimate of a Multivariate Density Function}},
volume = {36},
journal = {The Annals of Mathematical Statistics},
number = {3},
publisher = {Institute of Mathematical Statistics},
pages = {1049 -- 1051},
year = {1965},
doi = {10.1214/aoms/1177700079},
URL = {https://doi.org/10.1214/aoms/1177700079}
}

@article{mcclure2016assessing,
  title={Assessing disclosure risks for synthetic data with arbitrary intruder knowledge},
  author={McClure, David and Reiter, Jerome P},
  journal={Statistical Journal of the IAOS},
  volume={32},
  number={1},
  pages={109--126},
  year={2016},
  publisher={IOS Press},
  doi={10.3233/SJI-160957}
}


@InProceedings{menon2016dreloss,
  title = 	 {Linking losses for density ratio and class-probability estimation},
  author = 	 {Menon, Aditya and Ong, Cheng Soon},
  booktitle = 	 {Proceedings of The 33rd International Conference on Machine Learning},
  pages = 	 {304--313},
  year = 	 {2016},
  editor = 	 {Balcan, Maria Florina and Weinberger, Kilian Q.},
  volume = 	 {48},
  series = 	 {Proceedings of Machine Learning Research},
  address = 	 {New York, New York, USA},
  month = 	 {20--22 Jun},
  publisher =    {PMLR},
  pdf = 	 {http://proceedings.mlr.press/v48/menon16.pdf},
  url = 	 {https://proceedings.mlr.press/v48/menon16.html},
}



@article{misdc2003,
  author = {Raghunathan, Trivellore E. and Reiter, Jerome P. and Rubin, Donald B.},
  title = {Multiple Imputation for Statistical Disclosure Limitation},
  journal = {Journal of Official Statistics},
  volume = {19},
  number = {1},
  year = {2003},
  pages = {1--16},
  url = {https://www.scb.se/contentassets/ca21efb41fee47d293bbee5bf7be7fb3/multiple-imputation-for-statistical-disclosure-limitation.pdf},
}

@misc{mohamed2017learning,
  title={Learning in Implicit Generative Models},
  author={Shakir Mohamed and Balaji Lakshminarayanan},
  year={2017},
  eprint={1610.03483},
  archivePrefix={arXiv},
  primaryClass={stat.ML},
  doi={10.48550/arXiv.1610.03483}
}

@book{murphy_pmlintro_2022,
 author = "Kevin P. Murphy",
 title = "Probabilistic Machine Learning: An introduction",
 publisher = "MIT Press",
 year = 2022,
 url = "probml.ai"
}

@article{newman_future_2012,
  author = {Newman, Greg and Wiggins, Andrea and Crall, Alycia and Graham, Eric and Newman, Sarah and Crowston, Kevin},
  title = {The future of citizen science: emerging technologies and shifting paradigms},
  journal = {Frontiers in Ecology and the Environment},
  volume = {10},
  number = {6},
  pages = {298-304},
  doi = {10.1890/110294},
  year = {2012}
}


@book{nikolenko2021,
	title = {Synthetic Data for Deep Learning},
	author = {Nikolenko, Sergey I.},
	year = {2021},
	date = {2021},
	publisher = {Springer International Publishing},
	doi = {10.1007/978-3-030-75178-4},
	url = {http://dx.doi.org/10.1007/978-3-030-75178-4}
}

@article{synthpop,
	title = {{\emph{synthpop}:} Bespoke Creation of Synthetic Data in {\emph{R}}},
	author = {Nowok, Beata and Raab, Gillian M. and Dibben, Chris},
	year = {2016},
	date = {2016},
	journal = {Journal of Statistical Software},
	volume = {74},
	number = {11},
	doi = {10.18637/jss.v074.i11},
	url = {http://dx.doi.org/10.18637/jss.v074.i11},
	langid = {en}
}







@article{obels_analysis_2020,
  author = {Pepijn Obels and Daniël Lakens and Nicholas A. Coles and Jaroslav Gottfried and Seth A. Green},
  title ={Analysis of Open Data and Computational Reproducibility in Registered Reports in Psychology},
  journal = {Advances in Methods and Practices in Psychological Science},
  volume = {3},
  number = {2},
  pages = {229-237},
  year = {2020},
  doi = {10.1177/2515245920918872}
}




@article{obermeyer2019,
	title = {Dissecting racial bias in an algorithm used to manage the health of populations},
	author = {Obermeyer, Ziad and Powers, Brian and Vogeli, Christine and Mullainathan, Sendhil},
	year = {2019},
	month = {10},
	date = {2019-10-25},
	journal = {Science},
	pages = {447--453},
	volume = {366},
	number = {6464},
	doi = {10.1126/science.aax2342},
	url = {http://dx.doi.org/10.1126/science.aax2342},
	langid = {en}
}

@article{patki2016,
	title = {The Synthetic Data Vault},
	author = {Patki, Neha and Wedge, Roy and Veeramachaneni, Kalyan},
	year = {2016},
	month = {10},
	date = {2016-10},
	journal = {2016 IEEE International Conference on Data Science and Advanced Analytics (DSAA)},
	doi = {10.1109/dsaa.2016.49},
	url = {http://dx.doi.org/10.1109/DSAA.2016.49}
}

@article{qin_inferences_1998,
    author = {Qin, Jing},
    title = "{Inferences for case-control and semiparametric two-sample density ratio models}",
    journal = {Biometrika},
    volume = {85},
    number = {3},
    pages = {619-630},
    year = {1998},
    month = {09},
    doi = {10.1093/biomet/85.3.619},
    url = {https://doi.org/10.1093/biomet/85.3.619},
}


@Manual{R,
    title = {R: A Language and Environment for Statistical Computing},
    author = {{R Core Team}},
    organization = {R Foundation for Statistical Computing},
    address = {Vienna, Austria},
    year = {2024},
    url = {https://www.R-project.org/},
  }

@misc{raab2017guidelines,
      title={Guidelines for Producing Useful Synthetic Data},
      author={Gillian M. Raab and Beata Nowok and Chris Dibben},
      year={2017},
      eprint={1712.04078},
      archivePrefix={arXiv},
      primaryClass={stat.AP}
}

@misc{raab2021assessing,
  title={Assessing, visualizing and improving the utility of synthetic data},
  author={Gillian M Raab and Beata Nowok and Chris Dibben},
  year={2021},
  eprint={2109.12717},
  archivePrefix={arXiv},
  primaryClass={stat.CO},
  doi={10.48550/arXiv.2109.12717}
}

@article{ramachandran_open_2021,
  author = {Ramachandran, Rahul and Bugbee, Kaylin and Murphy, Kevin},
  title = {From Open Data to Open Science},
  journal = {Earth and Space Science},
  volume = {8},
  number = {5},
  pages = {e2020EA001562},
  keywords = {cyberinfrastructure, NASA, open access, open data, open science, open source},
  doi = {10.1029/2020EA001562},
  year = {2021}
}

@Book{Rcpp,
  title = {Seamless {R} and {C++} Integration with {Rcpp}},
  author = {Dirk Eddelbuettel},
  publisher = {Springer},
  address = {New York},
  year = {2013},
  note = {ISBN 978-1-4614-6867-7},
  doi = {10.1007/978-1-4614-6868-4},
}

@article{reiter_releasing_2004,
    author = {Reiter, Jerome P.},
    title = "{Releasing Multiply Imputed, Synthetic Public use Microdata: An Illustration and Empirical Study}",
    journal = {Journal of the Royal Statistical Society Series A: Statistics in Society},
    volume = {168},
    number = {1},
    pages = {185-205},
    year = {2004},
    month = {12},
    doi = {10.1111/j.1467-985X.2004.00343.x},
    url = {https://doi.org/10.1111/j.1467-985X.2004.00343.x}
}



@article{reiter2005,
  author = {Reiter, Jerome P.},
  title = {Using CART to Generate Partially Synthetic Public Use Microdata},
  journal = {Journal of Official Statistics},
  volume = {21},
  number = {3},
  year = {2005},
  pages = {441--462},
  url = {https://www.scb.se/contentassets/ca21efb41fee47d293bbee5bf7be7fb3/using-cart-to-generate-partially-synthetic-public-use-microdata.pdf}
}

@article{Reiter_Mitra_2009,
  title={Estimating Risks of Identification Disclosure in Partially Synthetic Data},
  volume={1},
  url={https://journalprivacyconfidentiality.org/index.php/jpc/article/view/567},
  DOI={10.29012/jpc.v1i1.567},
  number={1},
  journal={Journal of Privacy and Confidentiality},
  author={Reiter, Jerome P. and Mitra, Robin},
  year={2009},
  month={Apr.}
}

@article{rosenbaum_propensity_scores_1983,
  author = {Rosenbaum, Paul R. and Rubin, Donald B.},
  title = {The central role of the propensity score in observational studies for causal effects},
  journal = {Biometrika},
  volume = {70},
  number = {1},
  pages = {41-55},
  year = {1983},
  month = {04},
  issn = {0006-3444},
  doi = {10.1093/biomet/70.1.41},
  url = {https://doi.org/10.1093/biomet/70.1.41},
}


@article{rubin_statistical_1993,
  title={Statistical disclosure limitation},
  author={Rubin, Donald B},
  journal={Journal of official Statistics},
  volume={9},
  number={2},
  pages={461--468},
  year={1993},
  url={https://www.scb.se/contentassets/ca21efb41fee47d293bbee5bf7be7fb3/discussion-statistical-disclosure-limitation2.pdf}
}

@book{scholkopf_smola_kernels_2001,
    author = {Schölkopf, Bernhard and Smola, Alexander J.},
    title = "{Learning with Kernels: Support Vector Machines, Regularization, Optimization, and Beyond}",
    publisher = {The MIT Press},
    year = {2001},
    month = {12},
    isbn = {9780262256933},
    doi = {10.7551/mitpress/4175.001.0001}
}

@book{Scott1992,
  doi = {10.1002/9780470316849},
  url = {https://doi.org/10.1002/9780470316849},
  year = {1992},
  month = aug,
  publisher = {Wiley},
  author = {David W. Scott},
  title = {Multivariate Density Estimation: Theory, Practice, and Visualization}
}

@INPROCEEDINGS{shohei_dre_outlier_2008,
  author={Hido, Shohei and Tsuboi, Yuta and Kashima, Hisashi and Sugiyama, Masashi and Kanamori, Takafumi},
  booktitle={2008 Eighth IEEE International Conference on Data Mining},
  title={Inlier-Based Outlier Detection via Direct Density Ratio Estimation},
  year={2008},
  editor = {Giannotti, Fosca and Gunopulos, Dimitrios and Turini, Franco and Zaniolo, Carlo and Ramakrishnan, Naren and Wu, Xindong},
  pages={223-232},
  doi={10.1109/ICDM.2008.49}
}

@technicalreport{SIPP_Beta_2006,
  author = {Abowd, John M. and Stinson, Martha and Benedetto, Gary},
  title = {Final Report to the Social Security Administration on the {SIPP/SSA/IRS} Public Use File Project},
  institution = {Longitudinal Employer-Household Dynamics Program, U.S. Bureau of the Census, Washington, DC.},
  url = {https://ecommons.cornell.edu/bitstream/handle/1813/43929/SSAfinal.pdf?sequence=3&isAllowed=y},
  year = {2006}
}

@article{snoke_utility_2018,
  ISSN = {09641998, 1467985X},
  URL = {https://www.jstor.org/stable/48547509},
  author = {Joshua Snoke and Gillian M. Raab and Beata Nowok and Chris Dibben and Aleksandra Slavkovic},
  journal = {Journal of the Royal Statistical Society. Series A (Statistics in Society)},
  number = {3},
  pages = {pp. 663--688},
  publisher = {[Wiley, Royal Statistical Society]},
  title = {General and specific utility measures for synthetic data},
  urldate = {2023-06-20},
  volume = {181},
  year = {2018},
  doi = {10.1111/rssa.12358}
}

@article{sugiyama_bregman_2012,
  author={Sugiyama, Masashi and Suzuki, Taiji and Kanamori, Takafumi},
  title={Density-ratio matching under the Bregman divergence: a unified framework of density-ratio estimation},
  journal={Annals of the Institute of Statistical Mathematics},
  year={2012},
  month={Oct},
  day={01},
  volume={64},
  number={5},
  pages={1009-1044},
  doi={10.1007/s10463-011-0343-8},
  url={https://doi.org/10.1007/s10463-011-0343-8}
}


@book{sugiyama_suzuki_kanamori_2012,
  place={Cambridge},
  title={Density Ratio Estimation in Machine Learning},
  DOI={10.1017/CBO9781139035613},
  publisher={Cambridge University Press},
  author={Sugiyama, Masashi and Suzuki, Taiji and Kanamori, Takafumi},
  year={2012}
}

@article{sugiyama_lstst_2011,
  title = {Least-squares two-sample test},
  journal = {Neural Networks},
  volume = {24},
  number = {7},
  pages = {735-751},
  year = {2011},
  issn = {0893-6080},
  doi = {10.1016/j.neunet.2011.04.003},
  url = {https://www.sciencedirect.com/science/article/pii/S0893608011001262},
  author = {Masashi Sugiyama and Taiji Suzuki and Yuta Itoh and Takafumi Kanamori and Manabu Kimura}
}


@InProceedings{sugiyama_conditional_2010,
  title = {Conditional Density Estimation via Least-Squares Density Ratio Estimation},
  author = {Sugiyama, Masashi and Takeuchi, Ichiro and Suzuki, Taiji and Kanamori, Takafumi and Hachiya, Hirotaka and Okanohara, Daisuke},
  booktitle = {Proceedings of the Thirteenth International Conference on Artificial Intelligence and Statistics},
  pages = {781--788},
  year = {2010},
  editor = {Teh, Yee Whye and Titterington, Mike},
  volume = {9},
  series = {Proceedings of Machine Learning Research},
  address = {Chia Laguna Resort, Sardinia, Italy},
  month = {13--15 May},
  publisher = {PMLR},
  pdf = {http://proceedings.mlr.press/v9/sugiyama10a/sugiyama10a.pdf},
  url = {https://proceedings.mlr.press/v9/sugiyama10a.html},
}

@article{sugiyama_classification_2010,
  title = {Superfast-Trainable Multi-Class Probabilistic Classifier by Least-Squares Posterior Fitting},
  author = {Sugiyama, Masashi},
  year = {2010},
  doi = {10.1587/transinf.E93.D.2690},
  journal = {IEICE Transactions on Information and Systems},
  volume = {E93-D},
  number = {10}
}

@inproceedings{sugiyama_kliep_2007,
 author = {Sugiyama, Masashi and Nakajima, Shinichi and Kashima, Hisashi and Buenau, Paul and Kawanabe, Motoaki},
 booktitle = {Advances in Neural Information Processing Systems},
 editor = {J. Platt and D. Koller and Y. Singer and S. Roweis},
 pages = {},
 publisher = {Curran Associates, Inc.},
 title = {Direct Importance Estimation with Model Selection and Its Application to Covariate Shift Adaptation},
 url = {https://proceedings.neurips.cc/paper_files/paper/2007/file/be83ab3ecd0db773eb2dc1b0a17836a1-Paper.pdf},
 volume = {20},
 year = {2007}
}


@article{sugiyama_lhss_2011,
  title = {Direct density-ratio estimation with dimensionality reduction via least-squares hetero-distributional subspace search},
  journal = {Neural Networks},
  volume = {24},
  number = {2},
  pages = {183-198},
  year = {2011},
  doi = {10.1016/j.neunet.2010.10.005},
  url = {https://www.sciencedirect.com/science/article/pii/S0893608010001917},
  author = {Masashi Sugiyama and Makoto Yamada and Paul {von Bünau} and Taiji Suzuki and Takafumi Kanamori and Motoaki Kawanabe},
}

@article{taub2020,
  author = {Taub, Jennifer and Elliot, Mark and Sakshaug, Joseph W.},
  title = {The Impact of Synthetic Data Generation on Data Utility with Application to the 1991 UK Samples of Anonymised Records},
  journal = {Transactions on Data Privacy},
  volume = {13},
  pages = {1-23},
  year = {2020},
  url = {http://www.tdp.cat/issues16/tdp.a306a18.pdf}
}

@article{tiao2018dre,
  title   = "{D}ensity {R}atio {E}stimation for {KL} {D}ivergence {M}inimization between {I}mplicit {D}istributions",
  author  = "Tiao, Louis C",
  journal = "tiao.io",
  year    = "2018",
  url     = "https://tiao.io/post/density-ratio-estimation-for-kl-divergence-minimization-between-implicit-distributions/"
}

@InProceedings{Torkzadehmahani2019,
  author = {Torkzadehmahani, Reihaneh and Kairouz, Peter and Paten, Benedict},
  title = {{DP-CGAN}: Differentially Private Synthetic Data and Label Generation},
  booktitle = {Proceedings of the IEEE/CVF Conference on Computer Vision and Pattern Recognition (CVPR) Workshops},
  month = {June},
  year = {2019},
  doi={10.1109/cvprw.2019.00018}
}

@misc{uehara2016generative,
  title={Generative Adversarial Nets from a Density Ratio Estimation Perspective},
  author={Masatoshi Uehara and Issei Sato and Masahiro Suzuki and Kotaro Nakayama and Yutaka Matsuo},
  year={2016},
  eprint={1610.02920},
  archivePrefix={arXiv},
  primaryClass={stat.ML},
  doi={10.48550/arXiv.1610.02920}
}

@article{vandewiel2023,
	title = {Think before you shrink: Alternatives to default shrinkage methods can improve prediction accuracy, calibration and coverage},
	author = {{van de Wiel}, Mark A. and Leday, {Gwenaël G. R.} and Hoogland, Jeroen and Heymans, Martijn W. and van Zwet, Erik W. and Zwinderman, Ailko H.},
	year = {2023},
	date = {2023},
	doi = {10.48550/ARXIV.2301.09890},
	url = {https://arxiv.org/abs/2301.09890}
}

@article{volker2021,
	title = {Anonymiced Shareable Data: Using mice to Create and Analyze Multiply Imputed Synthetic Datasets},
	author = {Volker, Thom Benjamin and Vink, Gerko},
	year = {2021},
	month = {11},
	date = {2021-11-23},
	journal = {Psych},
	pages = {703--716},
	volume = {3},
	number = {4},
	doi = {10.3390/psych3040045},
	url = {http://dx.doi.org/10.3390/psych3040045},
	langid = {en}
}

@ARTICLE{wang_divergence_2009,
  author={Wang, Qing and Kulkarni, Sanjeev R. and Verdu, Sergio},
  journal={IEEE Transactions on Information Theory},
  title={Divergence Estimation for Multidimensional Densities Via $k$-Nearest-Neighbor Distances},
  year={2009},
  volume={55},
  number={5},
  pages={2392-2405},
  keywords={Multidimensional systems;Partitioning algorithms;Mutual information;Frequency estimation;Convergence;Information theory;Neuroscience;Probability distribution;Density measurement;Laboratories;Divergence;information measure;Kullback–Leibler;nearest-neighbor;partition;random vector;universal estimation},
  doi={10.1109/TIT.2009.2016060}
}

@book{willenborg_elements_2001,
  title={Elements of statistical disclosure control},
  author={Willenborg, Leon and De Waal, Ton},
  year={2001},
  publisher={Springer Science \& Business Media},
  isbn = {9781461301219},
  doi = {10.1007/978-1-4613-0121-9}
}

@article{Woo_global_2009,
  title={Global Measures of Data Utility for Microdata Masked for Disclosure Limitation},
  volume={1},
  url={https://journalprivacyconfidentiality.org/index.php/jpc/article/view/568},
  DOI={10.29012/jpc.v1i1.568},
  number={1},
  journal={Journal of Privacy and Confidentiality},
  author={Woo, Mi-Ja and Reiter, Jerome P. and Oganian, Anna and Karr, Alan F.},
  year={2009},
  month={Apr.}
}

@article{Wornowizki2016,
  author={Wornowizki, Max and Fried, Roland},
  title={Two-sample homogeneity tests based on divergence measures},
  journal={Computational Statistics},
  year={2016},
  month={Mar},
  day={01},
  volume={31},
  number={1},
  pages={291-313},
  doi={10.1007/s00180-015-0633-3}
}

@proceedings{xu_ctgan_2019,
 author = {Xu, Lei and Skoularidou, Maria and Cuesta-Infante, Alfredo and Veeramachaneni, Kalyan},
 booktitle = {Advances in Neural Information Processing Systems},
 editor = {H. Wallach and H. Larochelle and A. Beygelzimer and F. d\textquotesingle Alch\'{e}-Buc and E. Fox and R. Garnett},
 pages = {},
 publisher = {Curran Associates, Inc.},
 title = {Modeling Tabular data using Conditional GAN},
 url = {https://proceedings.neurips.cc/paper_files/paper/2019/file/254ed7d2de3b23ab10936522dd547b78-Paper.pdf},
 volume = {32},
 year = {2019}
}

@article{zettler2021,
	title = {The Role of Personality in COVID-19-Related Perceptions, Evaluations, and Behaviors: Findings Across Five Samples, Nine Traits, and 17 Criteria},
	author = {Zettler, Ingo and Schild, Christoph and Lilleholt, Lau and Kroencke, Lara and Utesch, Till and Moshagen, Morten and {Böhm}, Robert and Back, Mitja D. and Geukes, Katharina},
	year = {2021},
	month = {04},
	date = {2021-04-05},
	journal = {Social Psychological and Personality Science},
	pages = {299--310},
	volume = {13},
	number = {1},
	doi = {10.1177/19485506211001680},
	url = {http://dx.doi.org/10.1177/19485506211001680},
	langid = {en}
}
